{
  "leader": "03895cam a2200649Ii 4500",
  "fields": [
    {
      "001": "ocm49327009\\"
    },
    {
      "003": "OCoLC"
    },
    {
      "005": "20220701162018.0"
    },
    {
      "008": "020307s2002\\\\\\\\nyuaf\\\\\\\\\\\\\\\\\\001\\0aeng\\\\"
    },
    {
      "010": {
        "ind1": "\\",
        "ind2": "\\",
        "subfields": [
          {
            "a": "  2002024800"
          }
        ]
      }
    },
    {
      "040": {
        "ind1": "\\",
        "ind2": "\\",
        "subfields": [
          {
            "a": "DLC"
          },
          {
            "b": "eng"
          },
          {
            "e": "rda"
          },
          {
            "c": "DLC"
          },
          {
            "d": "JBO"
          },
          {
            "d": "C#P"
          },
          {
            "d": "LVB"
          },
          {
            "d": "NLGGC"
          },
          {
            "d": "TBS"
          },
          {
            "d": "BTCTA"
          },
          {
            "d": "BAKER"
          },
          {
            "d": "YDXCP"
          },
          {
            "d": "OTP"
          },
          {
            "d": "BNO"
          },
          {
            "d": "GEBAY"
          },
          {
            "d": "IG#"
          },
          {
            "d": "OCLCF"
          },
          {
            "d": "DEBBG"
          },
          {
            "d": "LMR"
          },
          {
            "d": "OCLCA"
          },
          {
            "d": "OCL"
          },
          {
            "d": "IHV"
          },
          {
            "d": "OCLCQ"
          },
          {
            "d": "ALRPT"
          },
          {
            "d": "OCL"
          },
          {
            "d": "OCLCO"
          },
          {
            "d": "OCLCA"
          },
          {
            "d": "OCLCQ"
          },
          {
            "d": "OCLCO"
          },
          {
            "d": "TXQUI"
          },
          {
            "d": "OCLCQ"
          },
          {
            "d": "OCLCO"
          },
          {
            "d": "OCLCA"
          },
          {
            "d": "OCLCQ"
          },
          {
            "d": "OCLCO"
          },
          {
            "d": "RIU"
          },
          {
            "d": "OCLCQ"
          },
          {
            "d": "OCLCO"
          },
          {
            "d": "UKMGB"
          },
          {
            "d": "OCLCA"
          },
          {
            "d": "TYC"
          },
          {
            "d": "OCLCO"
          },
          {
            "d": "XFF"
          },
          {
            "d": "BDP"
          },
          {
            "d": "OCLCQ"
          },
          {
            "d": "OCLCO"
          },
          {
            "d": "OCL"
          },
          {
            "d": "OCLCA"
          },
          {
            "d": "OCLCQ"
          },
          {
            "d": "OCLCO"
          },
          {
            "d": "COM"
          }
        ]
      }
    },
    {
      "016": {
        "ind1": "7",
        "ind2": "\\",
        "subfields": [
          {
            "a": "011725827"
          },
          {
            "2": "Uk"
          }
        ]
      }
    },
    {
      "019": {
        "ind1": "\\",
        "ind2": "\\",
        "subfields": [
          {
            "a": "964873767"
          },
          {
            "a": "966154548"
          },
          {
            "a": "968047613"
          },
          {
            "a": "1022592441"
          },
          {
            "a": "1064409468"
          }
        ]
      }
    },
    {
      "020": {
        "ind1": "\\",
        "ind2": "\\",
        "subfields": [
          {
            "a": "0679405887"
          },
          {
            "q": "(hardcover)"
          }
        ]
      }
    },
    {
      "020": {
        "ind1": "\\",
        "ind2": "\\",
        "subfields": [
          {
            "a": "9780679405887"
          },
          {
            "q": "(hardcover)"
          }
        ]
      }
    },
    {
      "035": {
        "ind1": "\\",
        "ind2": "\\",
        "subfields": [
          {
            "a": "(OCoLC)49327009"
          },
          {
            "z": "(OCoLC)964873767"
          },
          {
            "z": "(OCoLC)966154548"
          },
          {
            "z": "(OCoLC)968047613"
          },
          {
            "z": "(OCoLC)1022592441"
          },
          {
            "z": "(OCoLC)1064409468"
          }
        ]
      }
    },
    {
      "042": {
        "ind1": "\\",
        "ind2": "\\",
        "subfields": [
          {
            "a": "pcc"
          }
        ]
      }
    },
    {
      "043": {
        "ind1": "\\",
        "ind2": "\\",
        "subfields": [
          {
            "a": "n-us---"
          }
        ]
      }
    },
    {
      "050": {
        "ind1": "0",
        "ind2": "0",
        "subfields": [
          {
            "a": "HG2463.R6"
          },
          {
            "b": "A3 2002"
          }
        ]
      }
    },
    {
      "055": {
        "ind1": "\\",
        "ind2": "3",
        "subfields": [
          {
            "a": "HG2463 R62"
          },
          {
            "b": "A3"
          }
        ]
      }
    },
    {
      "082": {
        "ind1": "0",
        "ind2": "0",
        "subfields": [
          {
            "a": "332.1092"
          },
          {
            "b": "ROC"
          }
        ]
      }
    },
    {
      "100": {
        "ind1": "1",
        "ind2": "\\",
        "subfields": [
          {
            "a": "Rockefeller, David,"
          },
          {
            "d": "1915-2017,"
          },
          {
            "e": "author."
          }
        ]
      }
    },
    {
      "245": {
        "ind1": "1",
        "ind2": "0",
        "subfields": [
          {
            "a": "Memoirs /"
          },
          {
            "c": "David Rockefeller."
          }
        ]
      }
    },
    {
      "250": {
        "ind1": "\\",
        "ind2": "\\",
        "subfields": [
          {
            "a": "1st trade ed."
          }
        ]
      }
    },
    {
      "264": {
        "ind1": "\\",
        "ind2": "1",
        "subfields": [
          {
            "a": "New York :"
          },
          {
            "b": "Random House,"
          },
          {
            "c": "[2002]"
          }
        ]
      }
    },
    {
      "300": {
        "ind1": "\\",
        "ind2": "\\",
        "subfields": [
          {
            "a": "517 pages, 16 unnumbered pages of plates :"
          },
          {
            "b": "illustrations ;"
          },
          {
            "c": "25 cm"
          }
        ]
      }
    },
    {
      "336": {
        "ind1": "\\",
        "ind2": "\\",
        "subfields": [
          {
            "a": "text"
          },
          {
            "b": "txt"
          },
          {
            "2": "rdacontent"
          }
        ]
      }
    },
    {
      "337": {
        "ind1": "\\",
        "ind2": "\\",
        "subfields": [
          {
            "a": "unmediated"
          },
          {
            "b": "n"
          },
          {
            "2": "rdamedia"
          }
        ]
      }
    },
    {
      "338": {
        "ind1": "\\",
        "ind2": "\\",
        "subfields": [
          {
            "a": "volume"
          },
          {
            "b": "nc"
          },
          {
            "2": "rdacarrier"
          }
        ]
      }
    },
    {
      "500": {
        "ind1": "\\",
        "ind2": "\\",
        "subfields": [
          {
            "a": "Includes index."
          }
        ]
      }
    },
    {
      "520": {
        "ind1": "\\",
        "ind2": "\\",
        "subfields": [
          {
            "a": "The youngest son of John D. Rockefeller, Jr., and Abby Aldrich Rockefeller relates the story of his life, from his youth and Harvard education, through his military service during World War II, to his career in business and finance."
          }
        ]
      }
    },
    {
      "505": {
        "ind1": "0",
        "ind2": "0",
        "subfields": [
          {
            "t": "Grandfather --"
          },
          {
            "t": "Mother and father --"
          },
          {
            "t": "Childhood --"
          },
          {
            "t": "Travels --"
          },
          {
            "t": "Rockefeller Center --"
          },
          {
            "t": "Harvard --"
          },
          {
            "t": "Learning from the great economist --"
          },
          {
            "t": "A dissertation, a wife, and a job --"
          },
          {
            "t": "War --"
          },
          {
            "t": "Embarking on a career at Chase --"
          },
          {
            "t": "Launching a parallel career --"
          },
          {
            "t": "Building the Chase Manhattan Bank --"
          },
          {
            "t": "Conflict --"
          },
          {
            "t": "Difficult transitions --"
          },
          {
            "t": "Creating a global bank --"
          },
          {
            "t": "Taking the helm --"
          },
          {
            "t": "Engaging the Soviets --"
          },
          {
            "t": "Penetrating the bamboo curtain --"
          },
          {
            "t": "Emissary for 2balance3 in the middle east --"
          },
          {
            "t": "Surviving OPEC --"
          },
          {
            "t": "Busines turbulence --"
          },
          {
            "t": "Family turmoil --"
          },
          {
            "t": "Brotherly conflicts --"
          },
          {
            "t": "Shah --"
          },
          {
            "t": "Redemption --"
          },
          {
            "t": "New York, New York --"
          },
          {
            "t": "Proud internationalist --"
          },
          {
            "t": "South of the border --"
          },
          {
            "t": "A passion for modern art --"
          },
          {
            "t": "Rockefeller Center redux --"
          },
          {
            "t": "Partnerships."
          }
        ]
      }
    },
    {
      "590": {
        "ind1": "\\",
        "ind2": "\\",
        "subfields": [
          {
            "a": "Library holds translation of this title in German: \"Erinnerungen eines Weltbankiers.\""
          }
        ]
      }
    },
    {
      "600": {
        "ind1": "1",
        "ind2": "0",
        "subfields": [
          {
            "a": "Rockefeller, David,"
          },
          {
            "d": "1915-2017."
          }
        ]
      }
    },
    {
      "610": {
        "ind1": "2",
        "ind2": "0",
        "subfields": [
          {
            "a": "Chase Manhattan Bank."
          }
        ]
      }
    },
    {
      "650": {
        "ind1": "\\",
        "ind2": "0",
        "subfields": [
          {
            "a": "Bankers"
          },
          {
            "z": "United States"
          },
          {
            "v": "Biography."
          }
        ]
      }
    },
    {
      "650": {
        "ind1": "\\",
        "ind2": "0",
        "subfields": [
          {
            "a": "Banks and banking"
          },
          {
            "z": "United States"
          },
          {
            "x": "History."
          }
        ]
      }
    },
    {
      "650": {
        "ind1": "\\",
        "ind2": "0",
        "subfields": [
          {
            "a": "Bankers"
          },
          {
            "z": "United States"
          },
          {
            "x": "Biography."
          }
        ]
      }
    },
    {
      "600": {
        "ind1": "1",
        "ind2": "7",
        "subfields": [
          {
            "a": "Rockefeller, David,"
          },
          {
            "d": "1915-2017"
          },
          {
            "2": "fast"
          },
          {
            "0": "(OCoLC)fst00175352"
          }
        ]
      }
    },
    {
      "610": {
        "ind1": "2",
        "ind2": "7",
        "subfields": [
          {
            "a": "Chase Manhattan Bank."
          },
          {
            "2": "fast"
          },
          {
            "0": "(OCoLC)fst00552187"
          }
        ]
      }
    },
    {
      "650": {
        "ind1": "\\",
        "ind2": "7",
        "subfields": [
          {
            "a": "Bankers."
          },
          {
            "2": "fast"
          },
          {
            "0": "(OCoLC)fst00826798"
          }
        ]
      }
    },
    {
      "650": {
        "ind1": "\\",
        "ind2": "7",
        "subfields": [
          {
            "a": "Banks and banking."
          },
          {
            "2": "fast"
          },
          {
            "0": "(OCoLC)fst00826867"
          }
        ]
      }
    },
    {
      "651": {
        "ind1": "\\",
        "ind2": "7",
        "subfields": [
          {
            "a": "United States."
          },
          {
            "2": "fast"
          },
          {
            "0": "(OCoLC)fst01204155"
          }
        ]
      }
    },
    {
      "655": {
        "ind1": "\\",
        "ind2": "2",
        "subfields": [
          {
            "a": "Autobiography"
          }
        ]
      }
    },
    {
      "655": {
        "ind1": "\\",
        "ind2": "7",
        "subfields": [
          {
            "a": "Autobiographies."
          },
          {
            "2": "fast"
          },
          {
            "0": "(OCoLC)fst01919894"
          }
        ]
      }
    },
    {
      "655": {
        "ind1": "\\",
        "ind2": "7",
        "subfields": [
          {
            "a": "Biographies."
          },
          {
            "2": "fast"
          },
          {
            "0": "(OCoLC)fst01919896"
          }
        ]
      }
    },
    {
      "655": {
        "ind1": "\\",
        "ind2": "7",
        "subfields": [
          {
            "a": "History."
          },
          {
            "2": "fast"
          },
          {
            "0": "(OCoLC)fst01411628"
          }
        ]
      }
    },
    {
      "655": {
        "ind1": "\\",
        "ind2": "7",
        "subfields": [
          {
            "a": "Autobiographies."
          },
          {
            "2": "lcgft"
          }
        ]
      }
    },
    {
      "776": {
        "ind1": "0",
        "ind2": "8",
        "subfields": [
          {
            "i": "Online version:"
          },
          {
            "a": "Rockefeller, David, 1915-"
          },
          {
            "t": "Memoirs."
          },
          {
            "b": "1st trade ed."
          },
          {
            "d": "New York : Random House, \u00a92002"
          },
          {
            "w": "(OCoLC)654797345"
          }
        ]
      }
    },
    {
      "856": {
        "ind1": "4",
        "ind2": "1",
        "subfields": [
          {
            "3": "Sample text"
          },
          {
            "u": "http://catdir.loc.gov/catdir/samples/random044/2002024800.html"
          }
        ]
      }
    },
    {
      "856": {
        "ind1": "4",
        "ind2": "2",
        "subfields": [
          {
            "3": "Contributor biographical information"
          },
          {
            "u": "http://catdir.loc.gov/catdir/bios/random054/2002024800.html"
          }
        ]
      }
    },
    {
      "856": {
        "ind1": "4",
        "ind2": "2",
        "subfields": [
          {
            "3": "Publisher description"
          },
          {
            "u": "http://catdir.loc.gov/catdir/description/random0411/2002024800.html"
          }
        ]
      }
    },
    {
      "994": {
        "ind1": "\\",
        "ind2": "\\",
        "subfields": [
          {
            "a": "Z0"
          },
          {
            "b": "NYRVC"
          }
        ]
      }
    },
    {
      "948": {
        "ind1": "\\",
        "ind2": "\\",
        "subfields": [
          {
            "h": "NO HOLDINGS IN NYRVC - 1285 OTHER HOLDINGS"
          }
        ]
      }
    },
    {
      "999": {
        "ind1": "\\",
        "ind2": "\\",
        "subfields": [
          {
            "a": "No barcode."
          }
        ]
      }
    },
    {
      "999": {
        "ind1": "\\",
        "ind2": "\\",
        "subfields": [
          {
            "a": "00000000015367"
          }
        ]
      }
    },
    {
      "999": {
        "ind1": "\\",
        "ind2": "\\",
        "subfields": [
          {
            "a": "00000000026376"
          },
          {
            "b": "German"
          }
        ]
      }
    }
  ]
}